@inproceedings{DBLP:conf/cloudcom/CaronDM10,
  author    = {Eddy Caron and
               Fr{\'{e}}d{\'{e}}ric Desprez and
               Adrian Muresan},
  title     = {Forecasting for Grid and Cloud Computing On-Demand Resources Based
               on Pattern Matching},
  booktitle = {CloudCom},
  pages     = {456--463},
  publisher = {{IEEE} Computer Society},
  year      = {2010}
}

@inproceedings{DBLP:conf/icpads/JiangES14,
  author    = {Haiou Jiang and
               Haihong E and
               Meina Song},
  title     = {Hierarchical prediction based task scheduling in hybrid data center},
  booktitle = {{ICPADS}},
  pages     = {17--24},
  publisher = {{IEEE} Computer Society},
  year      = {2014}
}

@inproceedings{DBLP:conf/green/GandhiCGAM11,
  author    = {Anshul Gandhi and
               Yuan Chen and
               Daniel Gmach and
               Martin F. Arlitt and
               Manish Marwah},
  title     = {Minimizing data center {SLA} violations and power consumption via
               hybrid resource provisioning},
  booktitle = {{IGCC}},
  pages     = {1--8},
  publisher = {{IEEE} Computer Society},
  year      = {2011}
}

@inproceedings{DBLP:conf/gpc/LinWLLS13,
  author    = {Ching{-}Chi Lin and
               Jan{-}Jan Wu and
               Pangfeng Liu and
               Jeng{-}An Lin and
               Li{-}Chung Song},
  title     = {Automatic Resource Scaling for Web Applications in the Cloud},
  booktitle = {{GPC}},
  series    = {Lecture Notes in Computer Science},
  volume    = {7861},
  pages     = {81--90},
  publisher = {Springer},
  year      = {2013}
}

@inproceedings{DBLP:conf/ccgrid/JiangLZL13,
  author    = {Jing Jiang and
               Jie Lu and
               Guangquan Zhang and
               Guodong Long},
  title     = {Optimal Cloud Resource Auto-Scaling for Web Applications},
  booktitle = {{CCGRID}},
  pages     = {58--65},
  publisher = {{IEEE} Computer Society},
  year      = {2013}
}

@article{DBLP:journals/sigops/Baset12,
  author    = {Salman Abdul Baset},
  title     = {Cloud SLAs: present and future},
  journal   = {Operating Systems Review},
  volume    = {46},
  number    = {2},
  pages     = {57--66},
  year      = {2012}
}
